@online{comparativeEff,
    author = {St{\'e}phane Bouchard and St{\'e}phanie Dumoulin and Genevi{\`e}ve Robillard and Tanya Guitard and {\'E}velyne Klinger and H{\'e}l{\`e}ne Forget and Claudie Loranger and Fran{\c{c}}ois Xavier Roucaut},
    title = "Comparative Efficacy of VR and In Vivo Exposure in SAD Treatment",
    url  = "https://www.cambridge.org/core/journals/the-british-journal-of-psychiatry/article/virtual-reality-compared-with-in-vivo-exposure-in-the-treatment-of-social-anxiety-disorder-a-threearm-randomised-controlled-trial/D541B09E2FF234FA82A7001AB44E3989"
}

@online{columbiaVR,
    author = {Columbia Psychiatry},
    title = "Virtual Reality Helps Teens and Young Adults with Social Anxiety",
    url  = "https://www.columbiapsychiatry.org/news/virtual-reality-can-help-teens-and-young-adults-social-anxiety"
}

@online{ncbiVR,
    author = {Hyun-Woo Lee and Sanghoon Kim and Jun-Phil Uhm},
    title = "Impact of Social VR on Psychological Well-being",
    url  = "https://www.ncbi.nlm.nih.gov/pmc/articles/PMC8670765"
}

@online{VRoutcomes,
    author = {Hyun-Woo Lee and Sanghoon Kim and Jun-Phil Uhm},
    title = "Long-term Outcomes of VR Exposure Therapy for SAD",
    url  = "https://link.springer.com/article/10.1007/s10608-016-9820-y"
}

@online{VRexposure,
    author = {Page L. Anderson and Shannan M. Edwards and Jessica R. Goodnight},
    title = "Virtual Reality and Exposure Group Therapy for Social Anxiety Disorder: Results from a 4–6 Year Follow-Up",
    url  = "https://link.springer.com/article/10.1007/s10608-016-9820-y"
}

@online{VRPTSD,
    author = {Cristina Botella and Berenice Serrano and Rosa M. Baños and Azucena Garcia-Palacios},
    title = "Virtual reality exposure-based therapy for the treatment of post-traumatic stress disorder: a review of its efficacy, the adequacy of the treatment protocol, and its acceptability",
    url  = "https://pubmed.ncbi.nlm.nih.gov/26491332/"
}

@online{VREEG,
    author = {Jeff Tarrant and Jeremy Viczko and Hannah Cope},
    title = "Virtual Reality for Anxiety Reduction Demonstrated by Quantitative EEG: A Pilot Study",
    url  = "https://pubmed.ncbi.nlm.nih.gov/30087642/"
}
